<record><leader>00000cas a2200000 a 4500</leader><controlfield tag="001">38004999</controlfield><controlfield tag="008">971125c19529999cauwr ne      0    0eng c</controlfield><datafield ind1=" " ind2=" " tag="010"><subfield code="a">sn 97069665 </subfield></datafield><datafield ind1=" " ind2=" " tag="040"><subfield code="a">CNK</subfield><subfield code="b">eng</subfield><subfield code="c">CNK</subfield><subfield code="d">CNK</subfield><subfield code="d">OCLCQ</subfield><subfield code="d">OCLCF</subfield><subfield code="d">OCLCO</subfield></datafield><datafield ind1="1" ind2=" " tag="029"><subfield code="a">AU@</subfield><subfield code="b">000013651857</subfield></datafield><datafield ind1=" " ind2=" " tag="042"><subfield code="a">pcc</subfield></datafield><datafield ind1=" " ind2=" " tag="043"><subfield code="a">n-us-ca</subfield></datafield><datafield ind1="0" ind2=" " tag="130"><subfield code="a">Desert sentinel (Desert Hot Springs, Calif.)</subfield></datafield><datafield ind1="1" ind2="0" tag="245"><subfield code="a">Desert sentinel.</subfield></datafield><datafield ind1="1" ind2="3" tag="246"><subfield code="a">Desert Hot Springs sentinel</subfield></datafield><datafield ind1=" " ind2=" " tag="260"><subfield code="a">Desert Hot Springs, Calif. :</subfield><subfield code="b">Jean Shannon</subfield></datafield><datafield ind1=" " ind2=" " tag="300"><subfield code="a">v.</subfield></datafield><datafield ind1=" " ind2=" " tag="310"><subfield code="a">Weekly,</subfield><subfield code="b">Jan. 26, 1956-</subfield></datafield><datafield ind1=" " ind2=" " tag="321"><subfield code="a">Weekly,</subfield><subfield code="b">Mar. 27, 1952-Jan. 5, 1956</subfield></datafield><datafield ind1=" " ind2=" " tag="321"><subfield code="a">Semiweekly,</subfield><subfield code="b">&lt;Jan. 12&gt;-Jan. 19, 1956</subfield></datafield><datafield ind1="0" ind2=" " tag="362"><subfield code="a">Vol. 11, no. 26 (Mar. 27, 1952)-</subfield></datafield><datafield ind1=" " ind2=" " tag="500"><subfield code="a">"Desert Hot Springs" appears in masthead in smaller type below "Sentinel," June 19, 1952-&lt;Dec. 31, 1954&gt;</subfield></datafield><datafield ind1=" " ind2=" " tag="500"><subfield code="a">"Desert" appears in much smaller type above and to the left of "Sentinel."</subfield></datafield><datafield ind1=" " ind2=" " tag="500"><subfield code="a">Serving "Desert Hot Springs, Garnet, North Palm Springs."</subfield></datafield><datafield ind1=" " ind2=" " tag="515"><subfield code="a">Vol. numbering is irregular.</subfield></datafield><datafield ind1=" " ind2=" " tag="530"><subfield code="a">Master negatives are available for duplication from:</subfield><subfield code="b">California Newspaper Microfilm Archive;</subfield><subfield code="c">positive copies may be purchased by the reel; for further information consult the CNMA at:</subfield><subfield code="u">http://cbsr.ucr.edu</subfield></datafield><datafield ind1=" " ind2="0" tag="651"><subfield code="a">Desert Hot Springs (Calif.)</subfield><subfield code="v">Newspapers.</subfield></datafield><datafield ind1=" " ind2="7" tag="655"><subfield code="a">Newspapers.</subfield><subfield code="2">fast</subfield><subfield code="0">(OCoLC)fst01423814</subfield></datafield><datafield ind1=" " ind2="7" tag="651"><subfield code="a">California</subfield><subfield code="z">Desert Hot Springs.</subfield><subfield code="2">fast</subfield><subfield code="0">(OCoLC)fst01217461</subfield></datafield><datafield ind1=" " ind2=" " tag="752"><subfield code="a">United States</subfield><subfield code="b">California</subfield><subfield code="c">Riverside</subfield><subfield code="d">Desert Hot Springs.</subfield></datafield><datafield ind1="0" ind2="0" tag="780"><subfield code="t">Desert Hot Springs sentinel</subfield><subfield code="w">(DLC)sn 00060666</subfield></datafield></record>